@article{ref1,
    author = "Albrecht DÃ¼mling",
    title = "Heinrich Heine vertont von Robert Schumann.",
    year = "1981"
}
@article{ref2,
    author =       "Gerald Moore",
    title =        "Dichterliebe",
    journal =      "Frankfurt am Main",
}
@incollection{ref3,
  author    = {Hans-Joachim Hinrichsen},
  title     = {Das Kunstlied als musikalische Lyrik},
  booktitle = {Handbuch Literatur \& Musik},
  editor    = {Nicola Gess and Alexander Honold},
  year      = {2017},
  pages     = {389},
  address   = {Berlin; Boston},
  publisher = {de Gruyter}
}
