@article{einstein,
    author =       "Adam Smykowski",
    title =        "{ Heinrich Heines \"Lyrisches Intermezzo\" in Vertonungen von Robert Schumann und Robert Franz. }. ({German})
    [Heinrich Heine's \"Lyrisches Intermezzo\" in the Settings by Robert Schumann and Robert Franz.]",
    journal =      "Frankfurt am Main",
    pages =        "131",
    year =         "2002",
}
